 @misc{ wiki:hamming,
 	author = "Wikipedia",
 	title = "Hamming weight --- Wikipedia{,} The Free Encyclopedia",
 	year = "2017",
 	url = "\url{https://en.wikipedia.org/w/index.php?title=Hamming_weight&oldid=778137435}",
 	note = "[Online; accessed 7-May-2017]"
 }
@misc{lonesock77:online,
	author = {Unknown},
	title = {lonesock.net: SOIL},
	howpublished = {\url{http://www.lonesock.net/soil.html}},
	month = {},
	year = {2008},
	note = {(Accessed on 05/07/2017)}
}
@book{ABmaths,
	title = {Artificial Intelligence: A Modern Approach},
	author = {Russell, Stuart J and Norvig, Peter},
	year = {2003}
}
@misc{SystemAr82:online,
	author = {Benedetto, Romano},
	title = {System Artificial Intelligence Othello},
	howpublished = {\url{http://www.romanobenedetto.it/Saio.htm}},
	month = {},
	year = {2007},
	note = {(Accessed on 05/03/2017)}
}
@misc{TableofC3:online,
	author = {Ahl, David and Green, Burchenal},
	title = {Table of Contents: The Best of Creative Computing Volume 3},
	howpublished = {\url{http://www.atariarchives.org/bcc3/index.php}},
	month = {},
	year = {1980},
	note = {(Accessed on 05/03/2017)}
}
@misc{Heuristic41:online,
	author = {Kukreja, Kartik},
	title = {Heuristic/Evaluation Function for Reversi/Othello | Everything Under The Sun},
	howpublished = {\url{https://kartikkukreja.wordpress.com/2013/03/30/heuristic-function-for-reversiothello/}},
	month = {March},
	year = {2013},
	note = {(Accessed on 10/25/2016)}
}
@inproceedings{olivito2010fpga,
	title={FPGA implementation of a strong Reversi player},
	author={Olivito, Javier and Gonz{\'a}lez, Carlos and Resano, Javier},
	booktitle={Field-Programmable Technology (FPT), 2010 International Conference on},
	pages={507--510},
	year={2010},
	organization={IEEE}
}
@article{lee1986bill,
	title={BILL: a table-based, knowledge-intensive othello program},
	author={Lee, Kai-Fu and Mahajan, Sanjoy},
	year={1986}
}
@misc{sannidhanam2015analysis,
 
 
 
  title={An Analysis of Heuristics in Othello},
  author={Sannidhanam, Vaishnavi and Annamalai, Muthukaruppan},
  year={2015}
}
@inproceedings{clune2007heuristic,
	title={Heuristic evaluation functions for general game playing},
	author={Clune, James},
	booktitle={AAAI},
	volume={7},
	pages={1134--1139},
	year={2007}
}
@article{rosenbloom1982world,
	title={A world-championship-level Othello program},
	author={Rosenbloom, Paul S},
	journal={Artificial Intelligence},
	volume={19},
	number={3},
	pages={279--320},
	year={1982},
	publisher={Elsevier}
}
@misc{Othello23:online,
	author = {Wright, Ed},
	title = {Othello},
	howpublished = {\url{http://www.atariarchives.org/bcc3/showpage.php?page=258}},
	month = {},
	year = {1977},
	note = {(Accessed on 10/18/2016)}
}
@article{picard2013foundation,
	title={The foundation of geemu: A brief history of early Japanese video games},
	author={Picard, Martin},
	journal={Game Studies},
	volume={13},
	number={2},
	year={2013}
}